@book{azurePackt,
  title={Implementing Azure Solutions},
  author={Klaffenbach, Florian and
  Damaschke, Jan-Henrik and
  Michalski, Oliver},
  year={2017},
	month     = {05},
  isbn={978-1-78646-785-0},
  edition = {1st},
  publisher={Packt Publishing Ltd.},
 address = {Birmingham, UK},
}
