@book{bigData,
 author = {Agneeswaran, Vijay Srinivas},
 title = {Big Data Analytics Beyond Hadoop: Real-Time Applications with Storm, Spark, and More Hadoop Alternatives},
 year = {May 2014},
 isbn = {9780133838268},
 publisher = {PH Professional Business}
}