@book{ccBiznes,
 author = {Rosenberg, Jothy and
 Mateos, Arthur},
 title = {Chmura obliczeniowa. RozwiÄ…zania dla biznesu},
 year = {2011},
 isbn = {978-83-246-4167-3},
 publisher = {Helion},
 address = {Gliwice},
}