@book{ccCambridge,
 author = {Bhowmik, Sandeep},
 title = {Cloud Computing},
 year = {2017},
 isbn = {1316638103, 9781316638101},
 edition = {1st},
 publisher = {Cambridge University Press},
 address = {New York, NY, USA},
}