@book{ccResearchSpringer,
 author = {Chaudhary, Sanjay and
 Somani, Gaurav and
 Buyya, Rajkumar},
 title = {Research Advances in Cloud Computing},
 year = {2017},
 isbn = {978-981-10-5026-8},
 edition = {1st},
 publisher = {Springer Nature Singapore Pte Ltd.},
 address = {Singapore, Singapore},
}