@book{ccSpringer,
 author = {Antonopoulos, Nick and
 Gillam, Lee},
 title = {Cloud Computing. Principles, Systems and Applications},
 year = {2017},
 isbn = {978-3-319-54645-2},
 edition = {2nd},
 publisher = {Springer International Publishing AG},
 address = {Cham, Switzerland},
}