@book{cdn,
 author = {Robinson, Dom and
Sitaraman, Ramesh K. and
Pathan, Mukaddim},
 title = {Advanced Content Delivery, Streaming, and Cloud Services},
 year = {2014},
	month     = {09},
 isbn = {9781118575215},
 publisher = {Wiley-IEEE Press}
}