@book{cloudFoundry,
 author = {Farmer, Rick and
 Jain, Rahul and
 Wu, David},
 title = {Cloud Foundry for Developers},
 year = {November 2017},
 isbn = {978-1-78839-144-3},
 edition = {1st},
 publisher = {Packt Publishing Ltd.},
 address = {Birmingham, UK},
}