@book{devOpsPackt,
 author = {Verona, Joakim},
 title = {Practical DevOps},
 year = {2016},
 isbn = {978-1-78588-287-6},
 edition = {1st},
 publisher = {Packt Publishing Ltd.},
 address = {Birmingham, UK},
}