@book{distributedSystems,
 author = {Burns, Brendan},
 title = {Designing Distributed Systems},
 year = {January 2018},
 isbn = {978-1-492-03177-2},
 edition = {1st},
 publisher = {Oâ€™Reilly Media, Inc.},
 address = {Sebastopol, CA, USA},
}