@book{dockerPacktMastering,
 author = {McKendrick, Russ and
 Gallagher, Scott},
 title = {Mastering Docker},
 year = {July 2017},
 isbn = {978-1-78728-024-3},
 edition = {2nd},
 publisher = {Packt Publishing Ltd.},
 address = {Birmingham, UK},
}