@book{fog5g,
 author = {Bonomi, Flavio  and
 Balasubramanian, Bharath  and
 Chiang, Mung },
 title = {Fog for 5G and IoT},
 year = {April 2017},
 isbn = {9781119187134},
 publisher = {Wiley}
}