@article{fogArticle,
    author =       "Mouradian, Carla  and
	Naboulsi, Diala  and 
	Yangui, Sami  and
	Glitho, Roch H.  and 
	Morrow, Monique J.  and 
	Polakos, Paul A. ",
    title =        "A comprehensive survey on fog computing: State-of-the-art and research challenges",
    journal =      "IEEE Communications Surveys \& Tutorials",
    volume =       "20",
    pages =        "416--464",
    year =         "2017"
}