@book{hadoop,
 author = {Eadline, Douglas},
 title = {Hadoop 2 Quick-Start Guide: Learn the Essentials of Big Data Computing in the Apache Hadoop 2 Ecosystem},
 year = {2015},
	month     = {10},
 isbn = {9780134050119},
 publisher = {Addison-Wesley Professional}
}