@book{iotArchitects,
 author = {Lea, Perry},
 title = {Internet of Things for Architects},
 year = {2018},
	month     = {01},
 isbn = {9781788470599},
 publisher = {Packt Publishing Ltd.},
 address = {Birmingham, UK},
}