@book{iotEnterprise,
 author = {Ravulavaru, Arvind },
 title = {Enterprise Internet of Things Handbook},
 year = {April 2018},
 isbn = {9781788838399},
 publisher = {Packt Publishing Ltd.},
 address = {Birmingham, UK},
}