@book{kubernetesPacktGettingStarted,
 author = {Baier, Jonathan},
 title = {Getting Started with Kubernetes},
 year = {2017},
	month     = {05},
 isbn = {978-1-78728-336-7},
 edition = {2nd},
 publisher = {Packt Publishing Ltd.},
 address = {Birmingham, UK},
}