@book{kubernetesOreily,
  title={Kubernetes: Up and Running},
  author={Hightower, Kelsey and
  Burns, Brendan and 
  Beda, Joe},
  year={2017},  
  isbn={978-1-491-93567-5},
  edition = {1st},
  publisher={O'Reilly Media, Inc.}
}
