@book{kubernetesPacktMastering,
 author = {Sayfan, Gigi},
 title = {Mastering Kubernetes},
 year = {May 2017},
 isbn = {978-1-78646-100-1},
 edition = {1st},
 publisher = {Packt Publishing Ltd.},
 address = {Birmingham, UK},
}