@book{microservicesPacktNetCore,
 author = {Kumar Aroraa, Gaurav and
 Kale, Lalit and
 Manish, Kanwar},
 title = {Building Microservices with .NET Core},
 year = {2017},
	month     = {06},
 isbn = {978-1-78588-783-3},
 edition = {1st},
 publisher = {Packt Publishing Ltd.},
 address = {Birmingham, UK},
}