@book{microservicesWmii,
 author = {Newman, Sam},
 title = {Budowanie mikrousług. Wykorzystaj potencjał architektury usługi},
 year = {2015},
 isbn = {978-83-283-1381-1},
 publisher = {Helion S.A.},
 address = {Gliwice},
}