@book{microservicesMaddie,
 author = {Fowler, Susan J.},
 title = {Production-Ready Microservices},
 year = {2017},
 isbn = {978-1-491-96597-9},
 publisher = {Oâ€™Reilly Media, Inc.},
 address = {Sebastopol, CA, USA},
}