@article{nistArticle,
    author =       "Mell, Peter   and
	Grance, Timothy",
    title =        "A comprehensive survey on fog computing: State-of-the-art and research challenges",
    journal =      "National Institute of Standards and Technology",
    volume =       "NIST Special Publication 800-145",
    year =         "2011"
}