@book{noSqlHistory,
 author = {Harrison, Guy},
 title = {Next Generation Databases: NoSQL, NewSQL, and Big Data},
 year = {2016},
	month     = {01},
 isbn = {9781484213292},
 publisher = {Apress}
}