@online{oodbmsManifesto,
  title = {The Object-Oriented Database System Manifesto},
  url = {https://www.cs.cmu.edu/~clamen/OODBMS/Manifesto/},
  urldate = {2018-09-13}
}