@article{openLambdaArticle,
    author =       "Hendrickson, Scott and
	Sturdevant, Stephen and
	Harter, Tyler and 
	Venkataramani, Venkateshwaran  and
Arpaci-Dusseau, Andrea C. and 
Arpaci-Dusseau , Remzi H. ",
    title =        "Serverless Computation with OpenLambda",
    journal =      "Elastic",
    volume =       "60",
    pages =        "80",
    year =         "2016"
}