@book{realTimeProcessing,
 author = {Gupta, Saurabh and 
 Saxena, Shilpi},
 title = {Practical Real-time Data Processing and Analytics},
 year = {September 2017},
 isbn = {9781787281202},
 publisher = {Packt Publishing Ltd.},
 address = {Birmingham, UK},
}