@book{relationalDbs,
 author = {Harrington, Jan L.},
 title = {Relational Database Design and Implementation},
 year = {2016},
	month     = {04},
 isbn = {9780128499023},
 edition = {4th},
 publisher = {Morgan Kaufmann}
}