@techreport{rightscaleReport,
    institution    = "RightScale, Inc.",
    title     = "RightScale 2018 State of the Cloud Report",
    year      = "2018",
	month     = {01}
}
