@article{serverlessArticle,
    author =       "Lynn, Theo and
	Rosati , Pierangelo and
	Lejeune, Arnaud and
	Emeakaroha, Vincent",
    title =        "A Preliminary Review of Enterprise Serverless Cloud Computing (Function-as-a-Service) Platforms",
    journal =      "2017 IEEE 9th International Conference on Cloud Computing Technology and Science",
	year={2017}
}