@book{serverlessMaddie,
 author = {Stigler, Maddie},
 title = {Beginning Serverless Computing. Developing with Amazon Web Services, Microsoft Azure, and Google Cloud},
 year = {2018},
 isbn = {978-1-4842-3084-8},
 edition = {1st},
 publisher = {Apress}
}