@online{siteAppLocally,
  title = {Code and test Azure Functions locally},
  url = {https://docs.microsoft.com/en-us/azure/azure-functions/functions-develop-local},
  urldate = {2018-09-30}
}