@online{siteAmazonBlogEks,
  title = {Amazon EKS â€“ Now Generally Available},
  url = {https://aws.amazon.com/blogs/aws/amazon-eks-now-generally-available/},
  urldate = {2018-09-09}
}