@online{siteKubernetesBlogBorg,
  title = {Borg: The Predecessor to Kubernetes},
  url = {https://kubernetes.io/blog/2015/04/borg-predecessor-to-kubernetes/},
  urldate = {2018-09-10}
}