@online{siteAzureTry,
  title = {Utwórz bezpłatne konto platformy Azure już dzisiaj},
  url = {https://azure.microsoft.com/pl-pl/free/},
  urldate = {2018-09-11}
}