@online{siteOperatingSystemVirtualizationWiki,
  title = {Operating-system-level virtualization -- Wikipedia},
  url = {https://en.wikipedia.org/wiki/Operating-system-level_virtualization},
  urldate = {2018-09-10}
}