@online{siteStackOverflowSurvey,
  title = {Developer Survey Results 2018},
  url = {https://insights.stackoverflow.com/survey/2018/},
  urldate = {2018-09-27}
}