@online{siteAzureWebAppContainersAvailable,
  title = {General availability: App Service on Linux and Web App for Containers},
  url = {https://azure.microsoft.com/en-us/updates/general-availability-of-app-service-on-linux-and-web-app-for-containers/},
  urldate = {2018-09-25}
}