@online{siteAkamaiFacts,
  title = {About Akamai: Facts \& Figures},
  url = {https://www.akamai.com/us/en/about/facts-figures.jsp},
  urldate = {2018-09-16}
}