@online{siteGoogleTry,
  title = {Wypróbuj bezpłatnie Cloud Platform},
  url = {https://console.cloud.google.com/freetrial/signup/},
  urldate = {2018-09-11}
}