@online{siteAppCSharpScript,
  title = {Azure Functions C\# script (.csx) developer reference},
  url = {https://docs.microsoft.com/en-us/azure/azure-functions/functions-reference-csharp},
  urldate = {2018-09-30}
}