@online{siteAmazonEksPricing,
  title = {Amazon EKS Pricing},
  url = {https://aws.amazon.com/eks/pricing/},
  urldate = {2018-09-11}
}