@online{siteAmazonEcsPricing,
  title = {Amazon Elastic Container Service Pricing},
  url = {https://aws.amazon.com/ecs/pricing/},
  urldate = {2018-09-11}
}