@online{siteGoogleCloudPlatformWiki,
  title = {Google Cloud Platform -- Wikipedia},
  url = {https://en.wikipedia.org/wiki/Google_Cloud_Platform},
  urldate = {2018-09-09}
}