@online{siteAppTimerTrigger,
  title = {Timer trigger for Azure Functions. Configuration},
  url = {https://docs.microsoft.com/en-us/azure/azure-functions/functions-bindings-timer\#configuration},
  urldate = {2018-05-20}
}