@online{siteKubernetesOnRaspberry,
  title = {Setup Kubernetes on a Raspberry Pi Cluster easily the official way},
  url = {https://blog.hypriot.com/post/setup-kubernetes-raspberry-pi-cluster/},
  urldate = {2018-02-01}
}