@online{siteAppsForAndroid,
  title = {10 best Android budget apps for money management},
  url = {https://www.androidauthority.com/best-android-budget-apps-for-money-management-586807/},
  urldate = {2018-10-16}
}