@online{siteGoogleServerless,
  title = {Cloud Functions serverless platform is generally available},
  url = {https://cloud.google.com/blog/products/gcp/cloud-functions-serverless-platform-is-generally-available},
  urldate = {2018-09-12}
}