@online{siteAppLanguages,
  title = {Supported languages in Azure Functions},
  url = {https://docs.microsoft.com/en-us/azure/azure-functions/supported-languages},
  urldate = {2018-09-30}
}