@online{siteGoogleBlogCloudSql,
  title = {{Google Cloud SQL}: your database in the cloud},
  url = {http://googlecode.blogspot.com/2011/10/google-cloud-sql-your-database-in-cloud.html},
  urldate = {2018-09-09}
}