@online{siteAmazonBlogEcs,
  title = {Amazon EC2 Container Service is Now Generally Available},
  url = {https://aws.amazon.com/about-aws/whats-new/2015/04/amazon-ec2-container-service-is-now-generally-available/},
  urldate = {2018-09-11}
}