@online{siteAppKeyManagementApi,
  title = {Key management API},
  url = {https://github.com/Azure/azure-functions-host/wiki/Key-management-API},
  urldate = {2018-08-04}
}