@online{siteUbuntuBlog,
  title = {Minimal Ubuntu, on public clouds and Docker Hub},
  url = {https://blog.ubuntu.com/2018/07/09/minimal-ubuntu-released},
  urldate = {2018-09-10}
}