@online{siteJakOszczedzacPieniadze,
  title = {Jak Oszczędzać Pieniądze -- ,,Narzędzia, z których korzystam''},
  url = {https://jakoszczedzacpieniadze.pl/narzedzia-z-ktorych-korzystam},
  urldate = {2017-11-15}
}