@online{siteAmazonElasticBeanstalkWiki,
  title = {AWS Elastic Beanstalk -- Wikipedia},
  url = {https://en.wikipedia.org/wiki/AWS_Elastic_Beanstalk},
  urldate = {2018-09-09}
}