@online{siteAzureStack,
  title = {Azure Stack partners},
  url = {https://azure.microsoft.com/en-us/overview/azure-stack/partners/},
  urldate = {2018-09-18}
}