@online{siteAzureFunctions2,
  title = {Azure Functions--Functions runtime 2.0 now generally available},
  url = {https://azure.microsoft.com/en-us/updates/azure-functions-functions-runtime-2-0-ga/},
  urldate = {2018-09-25}
}