@online{siteAppTableDeisgnGuide,
  title = {Azure Storage Table Design Guide: Designing Scalable and Performant Tables},
  url = {https://docs.microsoft.com/en-us/azure/cosmos-db/table-storage-design-guide},
  urldate = {2018-05-24}
}