@online{siteAwsFargate,
  title = {AWS Fargate},
  url = {https://aws.amazon.com/fargate/},
  urldate = {2018-09-25}
}