@online{siteDockerHistory,
  title = {Docker's Tools of Mass Innovation: Explosive Growth From Open-Source Containers to Commercial Platform for Modernizing and Managing Apps},
  url = {http://www.hostingadvice.com/blog/dockers-explosive-growth-from-open-source-containers-to-commercial-platform/},
  urldate = {2018-02-02}
}