@online{siteAppBindings,
  title = {Azure Functions triggers and bindings concepts. Supported bindings},
  url = {https://docs.microsoft.com/en-us/azure/azure-functions/functions-triggers-bindings\#supported-bindings},
  urldate = {2018-09-30}
}