@online{siteGoogleBlogKubernetes,
  title = {Google Kubernetes Engine 1.10 is generally available and ready for the enterprise},
  url = {https://cloudplatform.googleblog.com/2018/05/Google-Kubernetes-Engine-1-10-is-generally-available-and-ready-for-the-enterprise.html},
  urldate = {2018-09-09}
}