@online{siteGoogleIotEdge,
  title = {Bringing intelligence to the edge with Cloud IoT},
  url = {https://cloud.google.com/blog/products/gcp/bringing-intelligence-edge-cloud-iot},
  urldate = {2018-09-16}
}