@online{siteKubelessReleases,
  title = {Wydania do Kubeless},
  url = {https://github.com/kubeless/kubeless/releases?after=v0.2.1},
  urldate = {2018-09-12}
}