@online{siteGartnerTrends,
  title = {Top Trends in the Gartner Hype Cycle for Emerging Technologies, 2017},
  url = {https://www.gartner.com/smarterwithgartner/top-trends-in-the-gartner-hype-cycle-for-emerging-technologies-2017/},
  urldate = {2018-09-16}
}