@online{siteAwsFargateIntroducing,
  title = {Introducing AWS Fargate},
  url = {https://aws.amazon.com/about-aws/whats-new/2017/11/introducing-aws-fargate-a-technology-to-run-containers-without-managing-infrastructure/},
  urldate = {2018-09-25}
}