@online{siteAmazonTry,
  title = {AWS Free Tier},
  url = {https://aws.amazon.com/free/},
  urldate = {2018-09-11}
}