@online{siteMicrosoftBlogAzure,
  title = {Introducing Windows Azure},
  url = {https://azure.microsoft.com/en-us/blog/introducing-windows-azure/},
  urldate = {2018-09-09}
}