@online{siteMicrosoftBlogAks,
  title = {Introducing AKS},
  url = {https://azure.microsoft.com/en-us/blog/introducing-azure-container-service-aks-managed-kubernetes-and-azure-container-registry-geo-replication/},
  urldate = {2018-09-09}
}