@online{siteAzureContainerInstances,
  title = {Azure Container Instances and container orchestrators},
  url = {https://docs.microsoft.com/en-us/azure/container-instances/container-instances-orchestrator-relationship},
  urldate = {2018-09-25}
}