@online{siteAppLibrary,
  title = {Develop Azure Functions using Visual Studio},
  url = {https://docs.microsoft.com/en-us/azure/azure-functions/functions-develop-vs},
  urldate = {2018-09-30}
}