@online{siteAzureIotEdge,
  title = {Azure IoT Edge generally available for enterprise-grade, scaled deployments},
  url = {https://azure.microsoft.com/pl-pl/blog/azure-iot-edge-generally-available-for-enterprise-grade-scaled-deployments/},
  urldate = {2018-09-16}
}