@online{siteCloudControlWiki,
  title = {CloudControl -- Wikipedia},
  url = {https://en.wikipedia.org/wiki/CloudControl},
  urldate = {2018-09-10}
}