@online{siteServerlessFramework,
  title = {Serverless Framework -- Wikipedia},
  url = {https://en.wikipedia.org/wiki/Serverless_Framework},
  urldate = {2018-09-12}
}