@online{siteAzureContainerInstancesIntroducing,
  title = {Azure Container Instances now generally available},
  url = {https://azure.microsoft.com/en-us/blog/azure-container-instances-now-generally-available/},
  urldate = {2018-09-25}
}