@online{siteAppQuery,
  title = {Azure Table Storage -- Design for querying},
  url = {https://docs.microsoft.com/en-us/azure/storage/tables/table-storage-design-for-query},
  urldate = {2018-09-30}
}