@online{siteAmazonSimpleDbWiki,
  title = {Amazon SimpleDB -- Wikipedia},
  url = {https://en.wikipedia.org/wiki/Amazon_SimpleDB},
  urldate = {2018-09-09}
}