@online{siteAmazonEcs,
  title = {Amazon Elastic Container Service},
  url = {https://aws.amazon.com/ecs/},
  urldate = {2018-09-11}
}