@online{siteAksPricing,
  title = {Azure Kubernetes Service (AKS) pricing},
  url = {https://azure.microsoft.com/en-us/pricing/details/kubernetes-service/},
  urldate = {2018-09-11}
}