@online{siteDockerStackOverflow,
  title = {How is Docker different from a virtual machine?},
  url = {https://stackoverflow.com/a/16048358/5194338},
  urldate = {2018-09-10}
}