@online{siteGoogleCisco,
  title = {Cisco and Google Cloud},
  url = {https://cloud.google.com/cisco/},
  urldate = {2018-09-18}
}