@online{siteAmazonLambdaEdge,
  title = {Lambda@Edge now Generally Available},
  url = {https://aws.amazon.com/about-aws/whats-new/2017/07/lambda-at-edge-now-generally-available/},
  urldate = {2018-09-16}
}