@online{siteAmazonRdsWiki,
  title = {Amazon Relational Database Service},
  url = {https://en.wikipedia.org/wiki/Amazon_Relational_Database_Service},
  urldate = {2018-09-09}
}