@online{siteBigTableWikiPl,
  title = {BigTable -- Wikipedia},
  url = {https://pl.wikipedia.org/wiki/BigTable},
  urldate = {2018-09-09}
}