@book{soaOreily,
 author = {Josuttis, Nicolai M.},
 title = {SOA in Practice},
 year = {August 2007},
 isbn = {9780596529550},
 publisher = {Oâ€™Reilly Media, Inc.}
}