@book{windowsAzureWprowadzenie,
 author = {Fryźlewicz, Zbigniew and
 Nikończuk, Daniel},
 title = {Windows Azure. Wprowadzenie do programowania w chmurze},
 year = {2012},
 isbn = {978-83-246-3703-4},
 publisher = {Helion},
 address = {Gliwice},
}